@online{datacleaner,
    author = "DataCleaner",
    title = "What is data quality (DQ)?",
    url  = "https://datacleaner.org/resources/docs/6.0/html/ch01s01.html",
    addendum = "(consultée le: 15.01.2019)",
    keywords = "data quality,data cleaner"
}

@online{SeattleDataGuy,
    author = "SeattleDataGuy",
    title = "Data Quality Is Not as Sexy As Data Science",
    url  = "https://medium.com/@SeattleDataGuy/good-data-quality-is-key-for-great-data-science-and-analytics-ccfa18d0fff8",
    addendum = "(consultée le: 15.01.2019)",
    keywords = "data quality,data cleaner"
}

@online{volere,
    author = "Henri Tudor",
    title = "Plan de cahier des charges et spécification des exigences non fonctionnelles avec Volere",
    url  = "http://www.volere.co.uk/pdf%20files/template_fr.pdf",
    addendum = "(consultée le: 16.01.2019)",
    keywords = "SRS, Ingénierie des exigences"
}